<?xml version="1.0" encoding="UTF-8"?>
<collection xmlns:xsi="http://www.w3.org/2001/XMLSchema-instance" xsi:schemaLocation="http://www.loc.gov/MARC21/slim http://www.loc.gov/standards/marcxml/schema/MARC21slim.xsd" xmlns="http://www.loc.gov/MARC21/slim">
<record>
  <leader>00684cam a22002051  4500</leader>
  <controlfield tag="001">3073690</controlfield>
  <controlfield tag="003">NNC</controlfield>
  <controlfield tag="005">20130426015559.0</controlfield>
  <controlfield tag="008">870311s1929    sy            000 0 arard</controlfield>
  <datafield tag="035" ind1=" " ind2=" ">
    <subfield code="a">(OCoLC)ocm15299706</subfield>
  </datafield>
  <datafield tag="035" ind1=" " ind2=" ">
    <subfield code="9">ATP6823CU</subfield>
  </datafield>
  <datafield tag="035" ind1=" " ind2=" ">
    <subfield code="a">(NNC)3073690</subfield>
  </datafield>
  <datafield tag="040" ind1=" " ind2=" ">
    <subfield code="a">WAU</subfield>
    <subfield code="c">WAU</subfield>
    <subfield code="d">ZCU</subfield>
  </datafield>
  <datafield tag="099" ind1=" " ind2=" ">
    <subfield code="a">893.7112</subfield>
    <subfield code="a">D53153</subfield>
  </datafield>
  <datafield tag="100" ind1="1" ind2=" ">
    <subfield code="a">Ṭahṭāwī, Aḥmad Rāfiʻ,</subfield>
    <subfield code="d">1858 or 1859-1936 or 1937.</subfield>
  </datafield>
  <datafield tag="245" ind1="1" ind2="3">
    <subfield code="a">al-Tanbīh wa-al-īqāẓ li-mā fā dhuyūl Tadhkirat al-ḥuffāẓ.</subfield>
  </datafield>
  <datafield tag="260" ind1=" " ind2=" ">
    <subfield code="a">Dimashq,</subfield>
    <subfield code="b">Maṭbʻat al-Taraqqī,</subfield>
    <subfield code="c">1348 [1929 or 30].</subfield>
  </datafield>
  <datafield tag="300" ind1=" " ind2=" ">
    <subfield code="a">166 p.</subfield>
  </datafield>
  <datafield tag="600" ind1="1" ind2="0">
    <subfield code="a">Dhahabī, Muḥammad ibn Aḥmad,</subfield>
    <subfield code="d">1274-1348.</subfield>
    <subfield code="t">Tadhkirat al-ḥuffāẓ.</subfield>
  </datafield>
  <datafield tag="955" ind1=" " ind2=" ">
    <subfield code="b">CU58883088</subfield>
    <subfield code="d">off,glx</subfield>
    <subfield code="e">893.7112 D53153</subfield>
  </datafield>
</record>
</collection>